<?xml version="1.0" encoding="UTF-8"?>
<record xmlns="http://www.loc.gov/MARC21/slim">
   <leader>01196cam a2200313 a 4500</leader>
   <controlfield tag="001">3412257</controlfield>
   <controlfield tag="003">NjP</controlfield>
   <controlfield tag="005">20190705150229.0</controlfield>
   <controlfield tag="008">010822s1954    iq ab         000 0cara d</controlfield>
   <datafield tag="024" ind1="7" ind2=" ">
      <subfield code="a">princeton_aco003980</subfield>
      <subfield code="2">local</subfield>
   </datafield>
   <datafield ind1=" " ind2=" " tag="040">
      <subfield code="a">NjP</subfield>
      <subfield code="c">PUL</subfield>
      <subfield code="d">PUL</subfield>
   </datafield>
   <datafield ind1=" " ind2=" " tag="035">
      <subfield code="a">(NjP)3412257</subfield>
   </datafield>
   <datafield ind1="0" ind2=" " tag="041">
      <subfield code="a">ara</subfield>
      <subfield code="b">eng</subfield>
   </datafield>
   <datafield ind1=" " ind2=" " tag="043">
      <subfield code="a">a-iq---</subfield>
   </datafield>
   <datafield ind1=" " ind2=" " tag="049">
      <subfield code="a">PULL</subfield>
   </datafield>
   <datafield ind1=" " ind2=" " tag="035">
      <subfield code="a">(OCoLC)ocm54744143</subfield>
   </datafield>
   <datafield ind1="1" ind2=" " tag="100">
      <subfield code="6">880-01</subfield>
      <subfield code="a">Ḥanafī, Jalāl.</subfield>
   </datafield>
   <datafield ind1="1" ind2="0" tag="245">
      <subfield code="6">880-02</subfield>
      <subfield code="a">Baghāyā yatakallamna /</subfield>
      <subfield code="c">[by Jalal Al Hanafi].</subfield>
   </datafield>
   <datafield ind1="1" ind2="5" tag="246">
      <subfield code="a">Unfortunate dwellers of the brothel tell their stories</subfield>
   </datafield>
   <datafield ind1=" " ind2=" " tag="260">
      <subfield code="6">880-03</subfield>
      <subfield code="a">[Baghdad?] :</subfield>
      <subfield code="b">Jamʻīyat al-Khidmāt al-Dīnīyah wa-al-Ijtimāʻīyah fī al-ʻIrāq,</subfield>
      <subfield code="c">1954.</subfield>
   </datafield>
   <datafield ind1=" " ind2=" " tag="300">
      <subfield code="a">14, 2 p. :</subfield>
      <subfield code="b">ill., map ;</subfield>
      <subfield code="c">22 cm.</subfield>
   </datafield>
   <datafield ind1=" " ind2=" " tag="546">
      <subfield code="a">In Arabic, introd. also in English.</subfield>
   </datafield>
   <datafield ind1=" " ind2="0" tag="650">
      <subfield code="a">Prostitutes</subfield>
      <subfield code="z">Iraq</subfield>
      <subfield code="z">Baghdad</subfield>
      <subfield code="v">Case studies.</subfield>
   </datafield>
   <datafield ind1="1" ind2=" " tag="880">
      <subfield code="6">100-01/r</subfield>
      <subfield code="a">حنفي، جلال.</subfield>
   </datafield>
   <datafield ind1="1" ind2="0" tag="880">
      <subfield code="6">245-02/r</subfield>
      <subfield code="a">بغايا يتكلمن /</subfield>
      <subfield code="c">[بي جلل ال هنف].</subfield>
   </datafield>
   <datafield ind1=" " ind2=" " tag="880">
      <subfield code="6">260-03/r</subfield>
      <subfield code="a">[بغداد؟] :</subfield>
      <subfield code="b">جمعية الخدمات الدينية والاجتماعية في العراق،</subfield>
      <subfield code="c">1954.</subfield>
   </datafield>
   <datafield ind1=" " ind2=" " tag="902">
      <subfield code="a">jeb</subfield>
      <subfield code="b">o</subfield>
      <subfield code="6">a</subfield>
      <subfield code="7">m</subfield>
      <subfield code="d">v</subfield>
      <subfield code="f">1</subfield>
      <subfield code="e">20020530</subfield>
   </datafield>
   <datafield ind1=" " ind2=" " tag="904">
      <subfield code="a">msw</subfield>
      <subfield code="b">o</subfield>
      <subfield code="h">n</subfield>
      <subfield code="c">b</subfield>
      <subfield code="e">20010822</subfield>
   </datafield>
   <datafield ind1=" " ind2=" " tag="994">
      <subfield code="a">C0</subfield>
      <subfield code="b">PUL</subfield>
   </datafield>
   <datafield ind1=" " ind2=" " tag="999">
      <subfield code="a">3412257</subfield>
   </datafield>
   <datafield ind1=" " ind2=" " tag="979">
      <subfield code="a">(OCoLC)ocn178922196</subfield>
   </datafield>
   <datafield ind1="0" ind2=" " tag="852">
      <subfield code="0">3740076</subfield>
      <subfield code="b">rcppa</subfield>
      <subfield code="h">HQ232.55.A5</subfield>
      <subfield code="i">B332 1954</subfield>
      <subfield code="x">tr fr anxa</subfield>
   </datafield>
   <datafield ind1=" " ind2=" " tag="959">
      <subfield code="a">2002-01-10 14:45:51 -0400</subfield>
   </datafield>
</record>
